<?xml version="1.0" encoding="UTF-8"?><collection xmlns="http://www.loc.gov/MARC21/slim"><record><leader>00527nam--2200157-i-4500</leader><controlfield tag="001">000002935</controlfield><controlfield tag="002">20161230</controlfield><controlfield tag="005">20170305190003</controlfield><controlfield tag="008">060222s1000------------r-----000-0-eng-d</controlfield><datafield ind1=" " ind2=" " tag="100"><subfield code="a">Burgess, Eric</subfield></datafield><datafield ind1=" " ind2=" " tag="245"><subfield code="a">Raketen in der ionospharenforschung. Eine einfuhrung in die probleme der funkortung, fernlen kung und fernmessung von hohenraketen und mess atelliten</subfield></datafield><datafield ind1=" " ind2=" " tag="260"><subfield code="a">Munchen</subfield><subfield code="b">Garmisch-Partenkirchen</subfield><subfield code="c">1956</subfield></datafield><datafield ind1=" " ind2=" " tag="300"><subfield code="a">192 p</subfield></datafield><datafield ind1=" " ind2=" " tag="490"><subfield code="a">Lehrbucherei Der Funk-ortung</subfield></datafield><datafield ind1=" " ind2=" " tag="852"><subfield code="a">629.19</subfield></datafield><datafield ind1=" " ind2=" " tag="CAT"><subfield code="a">SYS</subfield><subfield code="c">20170305</subfield><subfield code="h">190003</subfield></datafield></record></collection>